@article{wakelin2009,
  title={The influence of initial conditions and open boundary conditions on shelf circulation in a 3D ocean-shelf model of the North East Atlantic},
  author={Wakelin, Sarah L. and Holt, Jason T. and Proctor, Roger},
  journal={Ocean Dynamics},
  volume={59},
  number={1},
  pages={67--81},
  year={2009},
  publisher={Springer}
}

@article{powell1970hybrid,
  title={A hybrid method for nonlinear equations},
  author={Powell, Michael JD},
  journal={Numerical methods for nonlinear algebraic equations},
  year={1970},
  publisher={Gordon and Breach}
}

@article{maradudin2018features,
  title={Features in the diffraction of a scalar plane wave from doubly-periodic Dirichlet and Neumann surfaces},
  author={Maradudin, Alexei A and P{\'e}rez-Ch{\'a}vez, Veronica and J{\k{e}}drzejewski, Arkadiusz and Simonsen, Ingve},
  journal={Low Temperature Physics},
  volume={44},
  number={7},
  pages={733--743},
  year={2018},
  publisher={AIP Publishing}
}